<?xml version="1.0" encoding="UTF-8"?><collection xmlns="http://www.loc.gov/MARC21/slim"><record><leader>00483nam--2200145-i-4500</leader><controlfield tag="001">000020820</controlfield><controlfield tag="002">20161230</controlfield><controlfield tag="005">20161230201033</controlfield><controlfield tag="008">060222s1000------------r-----000-0-eng-d</controlfield><datafield ind1=" " ind2=" " tag="080"><subfield code="a">532.517.4(043)</subfield></datafield><datafield ind1=" " ind2=" " tag="100"><subfield code="a">Degrazia, Pelotas Und Gervasio, Annes</subfield></datafield><datafield ind1=" " ind2=" " tag="245"><subfield code="a">Anwendung von ahnlichkeitsverfahren auf die turbulente diffusion in der konvektive und stabilen grenzschit.dissert</subfield></datafield><datafield ind1=" " ind2=" " tag="260"><subfield code="a">Karlsruhe, Universitat, 1988.99 P</subfield></datafield><datafield ind1=" " ind2=" " tag="852"><subfield code="a">78837</subfield><subfield code="c">517.43</subfield></datafield><datafield ind1=" " ind2=" " tag="CAT"><subfield code="a">Sys</subfield><subfield code="c">20080724</subfield><subfield code="h">121714</subfield></datafield></record></collection>